<?xml version="1.0" encoding="UTF-8"?><collection xmlns="http://www.loc.gov/MARC21/slim"><record><leader>00537nam--2200193-i-4500</leader><controlfield tag="001">000043575</controlfield><controlfield tag="002">20161230</controlfield><controlfield tag="005">20161230201044</controlfield><controlfield tag="008">060222s1000------------r-----000-0-rum-d</controlfield><datafield ind1=" " ind2=" " tag="040"><subfield code="a">IFIN-HH</subfield></datafield><datafield ind1=" " ind2=" " tag="041"><subfield code="a">rum</subfield></datafield><datafield ind1=" " ind2=" " tag="080"><subfield code="a">537.1</subfield></datafield><datafield ind1="1" ind2=" " tag="100"><subfield code="a">Tamm,I.E</subfield></datafield><datafield ind1="1" ind2="0" tag="245"><subfield code="a">Bazele teoriei electricitatii</subfield><subfield code="b">Traducere din limba rusa</subfield><subfield code="c">I.e. tamm</subfield></datafield><datafield ind1=" " ind2=" " tag="260"><subfield code="a">Bucuresti</subfield><subfield code="b">Editura Tehnica</subfield><subfield code="c">1952</subfield></datafield><datafield ind1=" " ind2=" " tag="300"><subfield code="a">775P</subfield></datafield><datafield ind1=" " ind2=" " tag="500"><subfield code="a">Titlul Original Din Limba Rusa: Osnovi Teorii Elektricestva</subfield></datafield><datafield ind1=" " ind2=" " tag="852"><subfield code="a">2230</subfield><subfield code="c">537:538</subfield></datafield><datafield ind1=" " ind2=" " tag="CAT"><subfield code="a">Sys</subfield><subfield code="c">20110607</subfield><subfield code="h">135820</subfield></datafield></record></collection>